/home/jimmy/Dropbox/PhDWork/Latex/Bibliographies/Thesis.bib